<?xml version="1.0" encoding="UTF-8"?><collection xmlns="http://www.loc.gov/MARC21/slim"><record><leader>00379nam--2200121-i-4500</leader><controlfield tag="001">000043989</controlfield><controlfield tag="002">20161230</controlfield><controlfield tag="005">20161230201044</controlfield><controlfield tag="008">060222s1000------------r-----000-0-eng-d</controlfield><datafield ind1=" " ind2=" " tag="080"><subfield code="a">801.322.3=20:030.8</subfield></datafield><datafield ind1=" " ind2=" " tag="245"><subfield code="a">Tezaur national politematic. vol.1: lista alfabetica</subfield></datafield><datafield ind1=" " ind2=" " tag="260"><subfield code="a">Bucuresti, Inst.National De Informare Si Documentare Stiintifica Si Tehnica, 1973, 666p</subfield></datafield><datafield ind1=" " ind2=" " tag="852"><subfield code="a">76295</subfield></datafield></record></collection>